@article{d1991toward,
  title={Toward a meaningful definition of vocabulary size},
  author={D'Anna, Catherine A and Zechmeister, Eugene B and Hall, James W},
  journal={Journal of Reading Behavior},
  volume={23},
  number={1},
  pages={109--122},
  year={1991},
  publisher={SAGE Publications Sage CA: Los Angeles, CA}
}
@article{pinker1995language,
  title={Language acquisition},
  author={Pinker, Steven},
  journal={Language: An invitation to cognitive science},
  volume={1},
  pages={135--82},
  year={1995}
}
@book{clark1995lexicon,
  title={The lexicon in acquisition},
  author={Clark, Eve V},
  volume={65},
  year={1995},
  publisher={Cambridge University Press}
}

@book{schmitt2000vocabulary,
  title={Vocabulary in language teaching},
  author={Schmitt, Norbert},
  year={2000},
  publisher={Ernst Klett Sprachen}
}
@article{goulden1990large,
  title={How large can a receptive vocabulary be?},
  author={Goulden, Robin and Nation, Paul and Read, John},
  journal={Applied linguistics},
  volume={11},
  number={4},
  pages={341--363},
  year={1990},
  publisher={Oxford University Press}
}
@article{miller1995wordnet,
  title={WordNet: a lexical database for English},
  author={Miller, George A},
  journal={Communications of the ACM},
  volume={38},
  number={11},
  pages={39--41},
  year={1995},
  publisher={ACM}
}
@inproceedings{miller1993semantic,
  title={A semantic concordance},
  author={Miller, George A and Leacock, Claudia and Tengi, Randee and Bunker, Ross T},
  booktitle={Proceedings of the workshop on Human Language Technology},
  pages={303--308},
  year={1993},
  organization={Association for Computational Linguistics}
}
@incollection{orwell1968politics,
  title={Politics and the English language},
  author={Orwell, George},
  booktitle={The collected essays, journalism and letters of George Orwell},
  pages={127--140},
  year={1968},
  publisher={Harcourt, Brace, Javanovich}
}
@book{schmitt1997vocabulary,
  title={Vocabulary: Description, acquisition and pedagogy},
  author={Schmitt, Norbert and McCarthy, Michael},
  year={1997},
  publisher={Cambridge University Press}
}
@article{craik1972levels,
  title={Levels of processing: A framework for memory research},
  author={Craik, Fergus IM and Lockhart, Robert S},
  journal={Journal of verbal learning and verbal behavior},
  volume={11},
  number={6},
  pages={671--684},
  year={1972},
  publisher={Elsevier}
}

@article{stenstrom1990lexical,
  title={Lexical items peculiar to spoken discourse},
  author={Stenstr{\"o}m, Anna-Brita},
  journal={The London-Lund corpus of spoken English: Description and research},
  pages={137--175},
  year={1990},
  publisher={Lund: Lund University Press}
}

@book{university1956study,
  title={A study of the oral vocabulary of adults},
  author={University of Queensland. Faculty of Education and Schonell, Sir Fred Joyce and Meddleton, Ivor G},
  year={1956},
  publisher={Queensland UP}
}

@book{Nation1990,
  title={Teaching and Learning Vocabulary},
  author={Nation},
  year={1990},
  publisher={Boston, Mass.: Heinle & Heinle Publishers
}
}

@inproceedings{ng1996integrating,
  title={Integrating multiple knowledge sources to disambiguate word sense: An exemplar-based approach},
  author={Ng, Hwee Tou and Lee, Hian Beng},
  booktitle={Proceedings of the 34th annual meeting on Association for Computational Linguistics},
  pages={40--47},
  year={1996},
  organization={Association for Computational Linguistics}
}

@article{baicheng2009,
  title={Do example sentences work in direct vocabulary learning},
  author={Baicheng, Zhang},
  journal={Issues in Educational Research},
  volume={19},
  number={2},
  pages={175--189},
  year={2009}
}

@article{swinney1979lexical,
  title={Lexical access during sentence comprehension:(Re) consideration of context effects},
  author={Swinney, David A},
  journal={Journal of verbal learning and verbal behavior},
  volume={18},
  number={6},
  pages={645--659},
  year={1979},
  publisher={Elsevier}
}
@article{locke2000motivation,
  title={Motivation by goal setting},
  author={Locke, Edwin A},
  journal={Handbook of organizational behavior},
  pages={43--56},
  year={2000},
  publisher={Marcel Dekker New York}
}
@online{Expo,
  title = {Expo},
  year = {2017},
  url = {https://expo.io/},
  urldate = {2018-12-01}
}
@online{reactNative, 
    title={React Native}, 
    year = {2015},
    url={https://facebook.github.io/react-native/},  journal={React Native Blog ATOM}
}
@book{richardson2008restful,
  title={RESTful web services},
  author={Richardson, Leonard and Ruby, Sam},
  year={2008},
  publisher={" O'Reilly Media, Inc."}
}
@online{apache, 
    title={Welcome to Apache OpenNLP},
    url={https://opennlp.apache.org/}, 
    journal={Apache OpenNLP Developer Documentation},
    author={Apache OpenNLP}
}
@online{asana, 
    title={Use Asana to manage your team's work, projects, \& tasks online Â· Asana},
    url={https://asana.com/},
    journal={Asana}, author={Asana}
}
